@book{hastie,
   title =     {The Elements of Statistical Learning},
   author =    {Hastie, T. and Tibshirani, R. and Friedman, J.},
   year =      {2009},
   edition =   {2},
}
