@book{hastie,
   title =     {Philosophi√¶ naturalis principia mathematica},
   author =    {Isaac Newton},
   year =      {1687},
   edition =   {1},
}