@book{hastie,
   title =     {The Elements of Statistical Learning},
   author =    {Hastie, T. and Tibshirani, R. and Friedman, J.},
   year =      {2009},
   edition =   {2},
}

@article{scikit-learn,
 title={Scikit-learn: Machine Learning in {P}ython},
 author={Pedregosa, F. and Varoquaux, G. and Gramfort, A. and Michel, V.
         and Thirion, B. and Grisel, O. and Blondel, M. and Prettenhofer, P.
         and Weiss, R. and Dubourg, V. and Vanderplas, J. and Passos, A. and
         Cournapeau, D. and Brucher, M. and Perrot, M. and Duchesnay, E.},
 journal={Journal of Machine Learning Research},
 volume={12},
 pages={2825--2830},
 year={2011},
}

@online{cohen,
author = {Cohen, W. W.},
title = {Bias-Variance in Machine Learning},
url = {https://www.cs.cmu.edu/~wcohen/10-601/bias-variance.pdf},
}

@book{Harell,
   title =     {Regression Modeling Strategies},
   author =    {Harrell, F},
   year =      {2015},
   edition =   {2},
}

@book{Aggarwall,
   title =     {Neural Networks and Deep Learning},
   author =    {Charu C. Aggarwal},
   year =      {2018},
   publisher={Springer},
   edition =   {1},
}

@article{Mehta_2019,
   title={A high-bias, low-variance introduction to Machine Learning for physicists},
   volume={810},
   ISSN={0370-1573},
   url={http://dx.doi.org/10.1016/j.physrep.2019.03.001},
   DOI={10.1016/j.physrep.2019.03.001},
   journal={Physics Reports},
   publisher={Elsevier BV},
   author={Mehta, Pankaj and Bukov, Marin and Wang, Ching-Hao and Day, Alexandre G.R. and Richardson, Clint and Fisher, Charles K. and Schwab, David J.},
   year={2019},
   month={May},
   pages={1–124},
}


 @InProceedings{xavier,
  title = {Understanding the difficulty of training deep feedforward neural networks},
  author = {Xavier Glorot and Yoshua Bengio},
  pages = {249--256},
  year = {2010},
  editor = {Yee Whye Teh and Mike Titterington},
  volume = {9},
  series = {Proceedings of Machine Learning Research},
  address = {Chia Laguna Resort, Sardinia, Italy},
  month = {13--15 May},
  publisher = {JMLR Workshop and Conference Proceedings},
  pdf = {http://proceedings.mlr.press/v9/glorot10a/glorot10a.pdf},
  url = {http://proceedings.mlr.press/v9/glorot10a.html}}


@online{Nielsen,
   title={Neural Networks and Deep Learning},
   url={http://neuralnetworksanddeeplearning.com/},
   author={Nielsen, Michael A.},
   publisher = {Determination Press},
   year={2015},
}

@online{4155_project_2,
   title={Classification and Regression, from linear and logistic regression to neural networks},
   url={https://github.com/nicholaskarlsen/FYS-STK4155/blob/master/project_2/},
   author={Karlsen, Nicholas and Espedal Moe, Thore},
   year={2020},
}

@online{github_repo,
   title={FYS-STK4155},
   url={https://github.com/nicholaskarlsen/FYS-STK4155},
   author={Karlsen, Nicholas and Espedal Moe, Thore},
   year={2020},
}

@article{Lagaris_1998,
   title={Artificial neural networks for solving ordinary and partial differential equations},
   volume={9},
   ISSN={1045-9227},
   url={http://dx.doi.org/10.1109/72.712178},
   DOI={10.1109/72.712178},
   number={5},
   journal={IEEE Transactions on Neural Networks},
   publisher={Institute of Electrical and Electronics Engineers (IEEE)},
   author={Lagaris, I.E. and Likas, A. and Fotiadis, D.I.},
   year={1998},
   pages={987–1000},
}

@article{Yi_2004,
title = {Neural networks based approach for computing eigenvectors and eigenvalues of symmetric matrix},
journal = {Computers \& Mathematics with Applications},
volume = {47},
number = {8},
pages = {1155 - 1164},
year = {2004},
issn = {0898-1221},
doi = {https://doi.org/10.1016/S0898-1221(04)90110-1},
url = {http://www.sciencedirect.com/science/article/pii/S0898122104901101},
author = {Zhang Yi and Yan Fu and Hua Jin Tang},
}

@online{Roberts,
author = {Roberts, Stephen and Term, Michaelmas},
title = {Computation of matrix eigenvalues and eigenvectors},
url = {https://www.robots.ox.ac.uk/~sjrob/Teaching/EngComp/ecl4.pdf},
}

@book{Saad_2011,
author = {Saad, Yousef},
title = {Numerical Methods for Large Eigenvalue Problems - 2nd Edition},
year = {2011},
url = {https://www-users.cs.umn.edu/~saad/eig_book_2ndEd.pdf},
}

@misc{kingma2017adam,
      title={Adam: A Method for Stochastic Optimization}, 
      author={Diederik P. Kingma and Jimmy Ba},
      year={2017},
      eprint={1412.6980},
      archivePrefix={arXiv},
      primaryClass={cs.LG}
}

@incollection{NEURIPS2019_9015,
title = {PyTorch: An Imperative Style, High-Performance Deep Learning Library},
author = {Paszke, Adam and Gross, Sam and Massa, Francisco and Lerer, Adam and Bradbury, James and Chanan, Gregory and Killeen, Trevor and Lin, Zeming and Gimelshein, Natalia and Antiga, Luca and Desmaison, Alban and Kopf, Andreas and Yang, Edward and DeVito, Zachary and Raison, Martin and Tejani, Alykhan and Chilamkurthy, Sasank and Steiner, Benoit and Fang, Lu and Bai, Junjie and Chintala, Soumith},
booktitle = {Advances in Neural Information Processing Systems 32},
editor = {H. Wallach and H. Larochelle and A. Beygelzimer and F. d\textquotesingle Alch\'{e}-Buc and E. Fox and R. Garnett},
pages = {8024--8035},
year = {2019},
publisher = {Curran Associates, Inc.},
url = {http://papers.neurips.cc/paper/9015-pytorch-an-imperative-style-high-performance-deep-learning-library.pdf}
}